@book{achenbach1973wave,
  title     = {Wave Propagation in Elastic Solids},
  author    = {Achenbach, J.D. and North-Holland Publishing Company and American Elsevier Publishing Company},
  isbn      = {9780444104656},
  lccn      = {72079720},
  series    = {Applied Mathematics and Mechanics Series},
  url       = {https://books.google.de/books?id=jQFAAQAAIAAJ},
  year      = {1973},
  publisher = {North-Holland Publishing Company}
}

@book{BedfordElasticWaves,
  author = {Bedford, Anthony and Drumheller, Douglas},
  year   = {1994},
  month  = {01},
  pages  = {43},
  title  = {Introduction to Elastic Wave Propagation},
  isbn   = {047193884X}
}

@book{brekhovskikh2012waves,
  title     = {Waves in Layered Media},
  author    = {Brekhovskikh, L.},
  isbn      = {9780323163248},
  url       = {https://books.google.de/books?id=30mjz7p8l4MC},
  year      = {2012},
  publisher = {Elsevier Science}
}

@book{ewing1957elastic,
  title     = {Elastic Waves in Layered Media [by] W. Maurice Ewing, Wenceslas S. Jardetzky [and] Frank Press},
  author    = {Ewing, W.M.},
  series    = {Contribution},
  url       = {https://books.google.de/books?id=8uIjyQEACAAJ},
  year      = {1957},
  pages     = {28},
  publisher = {McGraw-Hill}
}


@book{GrossMarx2014,
  author    = {Rudolf Gross and Achim Marx},
  doi       = {doi:10.1524/9783110358704},
  url       = {https://doi.org/10.1524/9783110358704},
  title     = {Festk√∂rperphysik},
  pages     = {143-155},
  year      = {2014},
  publisher = {De Gruyter Oldenbourg},
  isbn      = {978-3-11-035870-4}
}

@book{kundu2012ultrasonic,
  title     = {Ultrasonic and Electromagnetic NDE for Structure and Material Characterization: Engineering and Biomedical Applications},
  author    = {Kundu, T.},
  isbn      = {9781439836637},
  lccn      = {2012008614},
  url       = {https://books.google.de/books?id=yhP2FJgn25wC},
  pages     = {27-30},
  year      = {2012},
  publisher = {Taylor \& Francis}
}
